@misc{twentyfortyeight,
    author    = "Gabrielle Cirulli",
    title     = "2048",
    url       = "https://gabrielecirulli.github.io/2048/"
}

@article{mcts_survey,
    author =       "Browne, C. B. and Powley, E. and Whitehouse, D. and Lucas, S. M. and Cowling, P. I. and Rohlfshagen, P. and Tavener, S. and Perez, D. and Samothrakis, S. and Colton, S.",
    title =        "A Survey of Monte Carlo Tree Search Methods",
    journal =      "IEEE Transactions on Computational Intelligence and AI in Games",
    volume =       "4",
    number =       "1",
    year =         "2012",
}

@article{ggp_review,
    author =       "Maciej Uwiechowski and HyunSoo Park and Jacek MaNdziuk and Kyung-Joong Kim",
    title =        "Recent Advances in General Game Playing",
    journal =      "The Scientific World Journal",
    volume =       "2015",
    number =       "2015",
    year =         "2012",
}

@misc{ggp_competition,
    author =       "Michael Genesereth and Yngvi Bjornsson",
    title =        "The International General Game Playing Competition",
    url =          "http://logic.stanford.edu/ggp/readings/retrospective.html"
}

@misc{alpha_go,
    author =       "Google",
    title =        "AlphaGo",
    url =          "https://deepmind.com/research/alphago/"
}

@article{nature_alpha_go,
    author =       "David Silver and Aja Huang and Chris J. Maddison and Arthur Guez and Laurent Sifre and George van den Driessche and Julian Schrittwieser and Ioannis Antonoglou and Veda Panneershelvam and Marc Lanctot and Sander Dieleman and Dominik Grewe and John Nham and Nal Kalchbrenner and Ilya Sutskever and Timothy Lillicrap and Madeleine Leach and Koray Kavukcuoglu and Thore Graepel and Demis Hassabis",
    title =        "Mastering the game of Go with deep neural networks and tree search",
    journal =      "Nature",
    volume =       "529",
    number =       "7587",
    year =         "2016",
    DOI =          "10.1038/nature16961"
}

@article{stackoverflow,
    author =       "nitish712 and nneonneo and ovolve",
    title =        "What is the optimal algorithm for the game 2048?",
    journal =      "Stack Overflow",
    year =         "2014",
    url =          "stackoverflow.com/questions/22342854/what-is-the-optimal-algorithm-for-the-game-2048"
}

